@article{street2021congestion,
  title={Congestion-Aware Policy Synthesis for Multirobot Systems},
  author={Street, Charlie and P{\"u}tz, Sebastian and M{\"u}hlig, Manuel and Hawes, Nick and Lacerda, Bruno},
  journal={IEEE Transactions on Robotics},
  year={2021},
  publisher={IEEE}
}

@inproceedings{street2020multi,
  title={Multi-Robot Planning Under Uncertainty with Congestion-Aware Models},
  author={Street, Charlie and Lacerda, Bruno and M{\"u}hlig, Manuel and Hawes, Nick},
  booktitle={Proceedings of the 19th International Conference on Autonomous Agents and Multiagent Systems (AAMAS)},
  year={2020}
}

@inproceedings{street2022context,
  title={Context-Aware Modelling for Multi-Robot Systems Under Uncertainty},
  author={Street, Charlie and Lacerda, Bruno and Staniaszek, Michal and M{\"u}hlig, Manuel and Hawes, Nick},
  booktitle={Proceedings of the 21st International Conference on Autonomous Agents and Multiagent Systems (AAMAS)},
  year={2022}
}

@inproceedings{street2022right,
  title={Right Place, Right Time: Multi-Robot Task Allocation Under Spatiotemporal Uncertainty},
  author={Street, Charlie and Lacerda, Bruno and M{\"u}hlig, Manuel and Hawes, Nick},
  booktitle={Proceedings of the IEEE/RSJ International Conference on Intelligent Robots and Systems (IROS) (Under Review)},
  year={2022},
  publisher={IEEE}
}
